<record><leader>00000cas a22000007a 4500</leader><controlfield tag="001">31732516</controlfield><controlfield tag="008">941222d18921897vauwr ne      0    0eng d</controlfield><datafield ind1=" " ind2=" " tag="010"><subfield code="a">sn 94059462 </subfield></datafield><datafield ind1=" " ind2=" " tag="040"><subfield code="a">NVK</subfield><subfield code="b">eng</subfield><subfield code="c">NVK</subfield><subfield code="d">OCLCQ</subfield><subfield code="d">NVK</subfield><subfield code="d">OCLCQ</subfield><subfield code="d">OCLCF</subfield><subfield code="d">OCLCO</subfield></datafield><datafield ind1="1" ind2=" " tag="029"><subfield code="a">AU@</subfield><subfield code="b">000011501255</subfield></datafield><datafield ind1=" " ind2=" " tag="042"><subfield code="a">msc</subfield></datafield><datafield ind1=" " ind2=" " tag="043"><subfield code="a">n-us-va</subfield></datafield><datafield ind1="0" ind2="0" tag="245"><subfield code="a">Yost's weekly.</subfield></datafield><datafield ind1="3" ind2="0" tag="246"><subfield code="a">Virginia enterprise</subfield></datafield><datafield ind1=" " ind2=" " tag="260"><subfield code="a">Staunton, Va. :</subfield><subfield code="b">S.M. Yost and L.A. Fraser,</subfield><subfield code="c">1892-</subfield></datafield><datafield ind1=" " ind2=" " tag="300"><subfield code="a">v. ;</subfield><subfield code="c">65 cm.</subfield></datafield><datafield ind1=" " ind2=" " tag="310"><subfield code="a">Weekly</subfield></datafield><datafield ind1="0" ind2=" " tag="362"><subfield code="a">Vol. 1, no. 1 (Aug. 11, 1892)-</subfield></datafield><datafield ind1="1" ind2=" " tag="362"><subfield code="a">Ceased in 1897.</subfield></datafield><datafield ind1=" " ind2=" " tag="500"><subfield code="a">Published as the Virginia enterprise, &lt;Jan. 3&gt;-Sept. 19, 1895.</subfield></datafield><datafield ind1=" " ind2=" " tag="500"><subfield code="a">Republican paper.</subfield></datafield><datafield ind1=" " ind2=" " tag="500"><subfield code="a">Publisher varies: I.C. Wade, &lt;1984&gt;; S.M. Yost and W.C. Straughan, Jun. 3, 1895-</subfield></datafield><datafield ind1=" " ind2="0" tag="651"><subfield code="a">Staunton (Va.)</subfield><subfield code="v">Newspapers.</subfield></datafield><datafield ind1=" " ind2="7" tag="655"><subfield code="a">Newspapers.</subfield><subfield code="2">fast</subfield><subfield code="0">(OCoLC)fst01423814</subfield></datafield><datafield ind1=" " ind2="7" tag="651"><subfield code="a">Virginia</subfield><subfield code="z">Staunton.</subfield><subfield code="2">fast</subfield><subfield code="0">(OCoLC)fst01204696</subfield></datafield><datafield ind1=" " ind2=" " tag="752"><subfield code="a">United States</subfield><subfield code="b">Virginia</subfield><subfield code="d">Staunton.</subfield></datafield><datafield ind1=" " ind2=" " tag="936"><subfield code="a">Vol. 5, no. 27 (Mar. 4, 1897) LIC.</subfield></datafield></record>